<?xml version="1.0" encoding="UTF-8" ?>
<collection xmlns:xsi="http://www.w3.org/2001/XMLSchema-instance" xsi:schemaLocation="http://www.loc.gov/MARC21/slim http://www.loc.gov/standards/marcxml/schema/MARC21slim.xsd" xmlns="http://www.loc.gov/MARC21/slim">
   <record>
      <leader>     cam a22      a 4500</leader>
      <controlfield tag="001">6823897</controlfield>
      <controlfield tag="003">COO</controlfield>
      <controlfield tag="005">20100929102741.0</controlfield>
      <controlfield tag="008">920406s1952    le       d    001 0 ara  </controlfield>
      <datafield tag="010" ind1=" " ind2=" ">
         <subfield code="a">   90963268 </subfield>
      </datafield>
      <datafield tag="035" ind1=" " ind2=" ">
         <subfield code="a">6823897</subfield>
      </datafield>
      <datafield tag="040" ind1=" " ind2=" ">
         <subfield code="a">DLC-R</subfield>
         <subfield code="c">DLC</subfield>
         <subfield code="d">LEILA</subfield>
      </datafield>
      <datafield tag="029" ind1="1" ind2=" ">
         <subfield code="a">NLGGC</subfield>
         <subfield code="b">203429133</subfield>
      </datafield>
      <datafield tag="029" ind1="1" ind2=" ">
         <subfield code="a">LEILA</subfield>
         <subfield code="b">33746</subfield>
      </datafield>
      <datafield tag="035" ind1=" " ind2=" ">
         <subfield code="a">(OCoLC)24411564</subfield>
      </datafield>
      <datafield tag="043" ind1=" " ind2=" ">
         <subfield code="a">a-sy---</subfield>
      </datafield>
      <datafield tag="050" ind1="0" ind2="0">
         <subfield code="a">PJ6815</subfield>
         <subfield code="b">.R5 1952</subfield>
      </datafield>
      <datafield tag="100" ind1="1" ind2=" ">
         <subfield code="a">Riḍā, Aḥmad,</subfield>
         <subfield code="d">1872-1953.</subfield>
      </datafield>
      <datafield tag="245" ind1="1" ind2="0">
         <subfield code="a">Radd al-ʻāmmī ilá al-faṣīḥ /</subfield>
         <subfield code="c">li-mu&apos;allifihi Aḥmad Riḍā.</subfield>
      </datafield>
      <datafield tag="260" ind1=" " ind2=" ">
         <subfield code="a">Ṣaydā :</subfield>
         <subfield code="b">Dār al-ʻIrfān,</subfield>
         <subfield code="c">1952.</subfield>
      </datafield>
      <datafield tag="300" ind1=" " ind2=" ">
         <subfield code="a">442 p. ;</subfield>
         <subfield code="c">24 cm.</subfield>
      </datafield>
      <datafield tag="650" ind1=" " ind2="0">
         <subfield code="a">Arabic language</subfield>
         <subfield code="x">Dialects</subfield>
         <subfield code="z">Syria</subfield>
         <subfield code="x">Dictionaries.</subfield>
      </datafield>
      <datafield tag="650" ind1=" " ind2="0">
         <subfield code="a">Arabic language</subfield>
         <subfield code="x">Reform.</subfield>
      </datafield>
      <datafield tag="948" ind1="0" ind2=" ">
         <subfield code="a">20100211</subfield>
         <subfield code="b">i</subfield>
         <subfield code="d">fl31</subfield>
         <subfield code="e">lts</subfield>
         <subfield code="h">appr</subfield>
      </datafield>
      <datafield tag="948" ind1="1" ind2=" ">
         <subfield code="a">20100211</subfield>
         <subfield code="b">f</subfield>
         <subfield code="d">fl31</subfield>
         <subfield code="e">lts</subfield>
      </datafield>
      <datafield tag="948" ind1="2" ind2=" ">
         <subfield code="a">20100929</subfield>
         <subfield code="b">m</subfield>
         <subfield code="d">batch</subfield>
         <subfield code="e">lts</subfield>
         <subfield code="x">del9XXtxt</subfield>
      </datafield>
      <datafield tag="995" ind1=" " ind2=" ">
         <subfield code="a">Hivolm</subfield>
         <subfield code="d">20100929</subfield>
      </datafield>
      <datafield tag="903" ind1=" " ind2=" ">
         <subfield code="a">NYUACO</subfield>
         <subfield code="d">20131119</subfield>
         <subfield code="p">31924111290544</subfield>
      </datafield>
      <datafield tag="950" ind1=" " ind2=" ">
         <subfield code="a">PJ6815</subfield>
         <subfield code="b">.R5 1952</subfield>
         <subfield code="v"> </subfield>
      </datafield>
   </record>
</collection>
